@misc{owen2019operation,
  title={Operation of device and application discovery for a managed network},
  author={Owen, Bradley and Gerbasi, Joshua and Dhuleshia, Amit Chandulal and Arom-Zohar, Amit and Grisco, Gregory and Nguyen, Chris and Subayi, Oron},
  year={2019},
  month=jul # "~2",
  publisher={Google Patents},
  note={US Patent 10,341,841}
}

@book{implementingitil
  , title     = {Implementing ITIL Configuration Managemen}
  , author    = {Larry Klosterboer}
  , note      = {ISBN-10: 0-13-242593-9 }
  , year      = {2008}
}

@article{kyurkchievlogical,
  title={Logical Design for Configuration Management Based on ITIL},
  author={Kyurkchiev, Hristo and Kaloyanova, Kalinka},
  journal={Information Systems \& Grid Technologies},
  year = {2012}
}

@book{itil4,
  title     = {ITIL Foundation, ITIL 4 Edition},
  publisher = {The Stationery Office},
  year = {2019},
  note      = {ISBN: 9780113316076}
}

@misc{idoit,
  title = {{i-doit CMDB \& IT Documentation: Open Source Solution for yout IT}},
  howpublished = {\url{https://www.i-doit.org}},
  note = {Acedido: 30-11-2019}
}

@misc{idoitkb,
  title = {{Knowledge Base - English - Knowledge Base}},
  howpublished = {\url{https://kb.i-doit.com/display/en}},
  year={2016},
  note = {Acedido: 30-11-2019}
}

@misc{servicenow,
  title = {{CMDB | Configuration Management Database | ServiceNow}},
  howpublished = {\url{https://www.servicenow.com/products/servicenow-platform/configuration-management-database.html}},
  year = {2020},
  note = {Acedido: 02-01-2020}
}

@misc{servicenowdoc,
  title = {{Configuration Management Database | ServiceNow Docs}},
  howpublished = {\url{https://docs.servicenow.com/bundle/newyork-servicenow-platform/page/product/configuration-management/concept/c_ITILConfigurationManagement.html}},
  year = {2020},
  note = {Acedido: 02-01-2020}
}

@misc{bmcatrium,
  title = {{BMC Atrium CMDB - Documentation for Remedy Asset Management 18.05 - BMC Documentation}},
  year={2018},
  howpublished = {\url{https://docs.bmc.com/docs/asset1805/bmc-atrium-cmdb-808910261.html}},
  note = {Acedido: 27-12-2019}
}

@misc{itopdocumentation,
  title = {{Configuration Management (CMDB) Module [iTop Documentation]}},
  year={2018},
  howpublished = {\url{https://www.itophub.io/wiki/page?id=2_4_0\%3Adatamodel\%3Aitop-config-mgmt}},
  note = {Acedido: 28-12-2019}
}

@misc{itop,
  title = {{iTop: open source ITIL ITSM CMDB Software}},
  howpublished = {\url{https://www.combodo.com/itop-193}},
  note = {Acedido: 28-12-2019}
}

@misc{iso20000,
  title = {{ISO/IEC 20000-1:2018(en) Information technology — Service management — Part 1: Service management system requirements}},
  year={2018},
  howpublished = {\url{https://www.iso.org/obp/ui/#iso:std:iso-iec:20000:-1:ed-3:v1:en}},
  note = {Acedido: 26-11-2019}
}

@book{nmap,
  title = {{Nmap Network Scanning: The Official Nmap Project Guide to Network Discovery and Security }},
  author = {Gordon Fyodor Lyon},
  year = {2009},
  note = {ISBN: 978-0-9799587-1-7},
  publisher = {Insecure.Com, LLC}
}

@book{osimodel
  , author = {Dale Liu and Max Caceres and Aaron E. Earle and Devin Ganger and Wipul Jayawickrama and Jan Kanlirz Jr. and Tim Robichaux and Eric S. Seangren and Brad Smith and Christopher Stokes}
  , title     = {Next Generation SSH2 Implementation}
  , publisher = {Elsevier}
  , year = {2009}
  , note = {ISBN: 1597492833 }
  , editor = {Justin Peltier}
}

@misc{iso7498,
  title = {{ISO/IEC 7498-1:1994(en), Information technology — Open Systems Interconnection — Basic Reference Model: The Basic Model — Part 1}},
  year={1994},
  howpublished = {\url{https://www.iso.org/obp/ui/#iso:std:iso-iec:7498:-1:ed-1:v2:en}},
  note = {Acedido: 26-11-2019}
}

@misc{iso,
  title = {{ISO - International Organization for Standardization}},
  howpublished = {\url{https://www.iso.org/home.html}},
  note = {Acedido: 26-11-2019}
}

@article{hwang2019effective,
  title={Effective Detecting Method of Nmap Idle Scan},
  author={Hwang, Jungsik and Kim, Minsoo},
  journal={Journal of Advanced Information Technology and Convergence},
  volume={9},
  number={1},
  pages={1--10},
  year={2019}
}

@INPROCEEDINGS{8934069, 
    author={A. {Boyko} and V. {Varkentin} and T. {Polyakova}}, 
    booktitle={2019 International Multi-Conference on Industrial Engineering and Modern Technologies (FarEastCon)}, 
    title={Advantages and Disadvantages of the Data Collection’s Method Using SNMP}, 
    year={2019}, 
    volume={}, 
    number={}, 
    pages={1-5}, 
    keywords={SNMP;DDoS attacks;machin learning}, 
    doi={10.1109/FarEastCon.2019.8934069}, 
    ISSN={null}, 
    month={Oct}
}

@misc{das2017link,
  title={Link layer discovery protocol (LLDP) on multiple nodes of a distributed fabric},
  author={Das, Nirmalendu and Llacuna, Mark Q and Ryali, Ravichandra B},
  year={2017},
  month=aug # "~22",
  publisher={Google Patents},
  note={US Patent 9,743,367}
}

@misc{taddm,
  title={Built-to-Order Service Engineering for Enterprise IT Discovery},
  author={Nikolai Joukov, Murthy V Devarakonda, Kostas Magoutis, and Norbert Vogl},
  year={2008}
}

@misc{faihe2011configuration,
  title={Configuration management database and system},
  author={Faihe, Yassine and Boulmakoul, Abdel and Salle, Mathias},
  year={2011},
  month=apr # "~12",
  publisher={Google Patents},
  note={US Patent 7,926,031}
}

@misc{baron2010configuration,
  title={Configuration management database state model},
  author={Baron, Anthony and Vinberg, Anders and Hopper, Andrew Timothy and Sanghvi, Ashvinkumar J and Kumar, Dileep RP and Zizys, Giedrius and Cain, Nigel G and Rajarajan, Vij},
  year={2010},
  month=jul # "~13",
  publisher={Google Patents},
  note={US Patent 7,756,828}
}

@misc{CMDBsearchdatacenter,
  title = {{What is CMDB} (configuration management database)?},
  howpublished = {\url{https://searchdatacenter.techtarget.com/definition/configuration-management-database}},
  year={},
  note = {Acedido: 12-11-2019}
}

@misc{bearden2013network,
  title={Network topology discovery systems and methods},
  author={Bearden, Mark J and Denby, Lorraine and Karacali, Bengi and Meloche, Jean and Stott, David Thomas},
  year={2013},
  month=sep # "~24",
  publisher={Google Patents},
  note={US Patent 8,543,681}
}

@misc{tabbara2014method,
  title={Method and apparatus for discovering network devices},
  author={Tabbara, Bassam},
  year={2014},
  month=jul # "~8",
  publisher={Google Patents},
  note={US Patent 8,775,584}
}

@misc{spacewalk,
  title = {{Spacewalk: Free \& Open Source Linux Systems Management - Introduction}},
  howpublished = {\url{https://spacewalkproject.github.io/index.html}},
  year={2019},
  note = {Acedido: 12-01-2020}
}

@misc{spacewalkapi,
  title = {{ApiDocs · spacewalkproject/spacewalk Wiki}},
  howpublished = {\url{https://github.com/spacewalkproject/spacewalk/wiki/ApiDocs}},
  author =  {Michael Mraka},
  year={2018},
  note = {Acedido: 12-01-2020}
}

@misc{spiceworks,
  title = {{\#1 IT Network Inventory - Track your network. 100\% free.}},
  howpublished = {\url{https://www.spiceworks.com/free-pc-network-inventory-software/?source=navbar-drawer&utm_campaign=inventory&utm_medium=platform_redirect&utm_source=community}},
  year = {2020},
  note = {Acedido: 12-01-2020}
}

@misc{spiceworksapi,
  title = {{Plugins Data API - Desktop - Spiceworks}},
  howpublished = {\url{https://community.spiceworks.com/support/desktop/docs/data-api}},
  year={2020},
  note = {Acedido: 12-01-2020}
}

@misc{powershell,
  title = {{Use PowerShell to Quickly Find Installed Software | Scripting Blog}},
  howpublished = {\url{https://devblogs.microsoft.com/scripting/use-powershell-to-quickly-find-installed-software/}},
  year={2011},
  note = {Acedido: 12-01-2020}
}

@misc{servicenowdiscovery,
  title = {{Discovery}},
  howpublished = {\url{https://docs.servicenow.com/bundle/newyork-it-operations-management/page/product/discovery/reference/r-discovery.html}},
  note = {Acedido: 12-01-2020}
}

@misc{taddmsite,
  title = {{TADDM overview}},
  howpublished = {\url{https://www.ibm.com/support/knowledgecenter/SSPLFC_7.2.1/com.ibm.taddm.doc_721/AdminGuide/c_cmdb_overview.html}},
  year = {2017},
  note = {Acedido: 12-01-2020}
}

@book{infrastructure
  , author = {Sjaak Laan}
  , title     = {IT Infrastructure Architecture - Infrastructure Building Blocks and Concepts Third Edition}
  , publisher = {Lulu Press Inc.}
  , year = {2017}
  , note = {ISBN: 978-1-326-92569-7 }
}

@misc{cim,
  title = {{CIM | DMTF}},
  howpublished = {\url{https://www.dmtf.org/standards/cim}},
  year = {2020},
  note = {Acedido: 07-02-2020}
}

@misc{netxms,
  title = {{NetXMS - Open-source network and infrastructure monitoring and management system}},
  howpublished = {\url{https://www.netxms.org}},
  year = {2018},
  note = {Acedido: 01-02-2020}
}

@book{cmdbsystems
  , title     = {CMDB Systems}
  , author    = {Dennis Nils Drogseth and Rick Sturm and Dan Twing}
  , note      = {ISBN: 978-0-12-801265-9 }
  , publisher = {Elsevier}
  , year      = {2015}
  , doi       = { 10.1016/c2013-0-14231-6 }
}

@phdthesis{marcelino2018visao,
  title={Vis{\~a}o cr{\'\i}tica da gest{\~a}o e controlo de projetos com ISO 20000},
  author={Marcelino, Ant{\'o}nio Domingos Centeio},
  year={2018},
  school = {NOVA Information Management School}
}

@techreport{cimoverview,
    howpublished = {\url{https://www.dmtf.org/content/cim-overview-document}},
    institution = {Distributed Management Task Force},
    month = {jun},
    title = {{CIM Overview Document The Value of the Common Information Model (Why CIM?)}},
    year = {2003}
}

%------------------------------

@misc{servicenowapi,
  title = {{REST API reference}},
  howpublished = {\url{https://docs.servicenow.com/bundle/madrid-application-development/page/build/applications/concept/api-rest.html}},
  note = {Acedido: 02-01-2020}
}

@misc{itopapi,
  title = {{REST/JSON services [iTop Documentation]}},
  howpublished = {\url{https://www.itophub.io/wiki/page?id=2_2_0\%3Aadvancedtopics\%3Arest_json}},
  note = {Acedido: 28-12-2019}
}

@misc{idoitapi,
  title = {{API (JSON-RPC) - English - Knowledge Base}},
  howpublished = {\url{https://kb.i-doit.com/pages/viewpage.action?pageId=37355644}},
  year={2019},
  note = {Acedido: 30-11-2019}
}

@misc{restapibmc,
  title = {{REST API - Documentation for BMC Atrium Core 9.1 - BMC Documentation}},
  howpublished = {\url{https://docs.bmc.com/docs/ac91/rest-api-609846775.html}},
  note = {Acedido: 27-12-2019}
}


@book{KeR88
  , author    = {B.W. Kernighan and D.M. Ritchie}
  , title     = {The C Programming Language (ANSI C)}
  , edition   = {2nd}
  , publisher = {Prentice Hall Software series}
  , keywords  = {Programming, Imperative}
}

@inproceedings{perera2016automatic,
  title={Automatic Configuration Management-Autodiscovery of Configuration Items and Automatic Configuration Verification},
  author={Perera, Nadine},
  booktitle={14th International Conference on Space Operations},
  pages={2610},
  year={2016}
}

@misc{cmdb5steps,
  title={A project guideline for implementing a configuration management database},
  author={Tobias Müller},
  year={2016}
}

@book{appmanagementitil,
  title     = {Application Managements: ITIL},
  publisher = {The Stationery Office},
  year = {2002},
  note      = {ISBN-10: 0113308663}
}


@misc{lin2019multi,
  title={Multi-stage network discovery},
  author={Lin, Sky Chih Hsiang},
  year={2019},
  month=jun # "~18",
  publisher={Google Patents},
  note={US Patent App. 10/326,656}
}

@misc{bmcatriumcompanies,
  title = {{Companies using BMC Atrium CMDB, Market Share, Customers and Competitors}},
  year={},
  howpublished = {\url{https://discovery.hgdata.com/product/bmc-atrium-cmdb}},
  note = {Acedido: 28-12-2019}
}





@misc{wong2011infrastructure,
  title={Infrastructure auto discovery from business process models via middleware flows},
  author={Wong, Wai and Young, Alan},
  year={2011},
  month=mar # "~22",
  publisher={Google Patents},
  note={US Patent 7,912,749}
}

@misc{singer2004system,
  title={System and method for network auto-discovery and configuration},
  author={Singer, Tyson A and Christenson, Steven L and Beheshti, Beejan},
  year={2004},
  month=dec # "~21",
  publisher={Google Patents},
  note={US Patent 6,834,298}
}

@misc{forbes,
  title = {{Why $85$\% Of Companies Fail At Creating A Configuration Management Database (CMDB)}},
  author={Len Guddemi},
  year={2014},
  howpublished = {\url{https://www.forbes.com/sites/sungardas/2014/10/22/why-85-of-companies-fail-at-creating-a-cmdb-and-how-to-escape-their-fate/}},
  note = {Acedido: 26-12-2019}
}






